<?xml version="1.0" encoding="UTF-8"?><collection xmlns="http://www.loc.gov/MARC21/slim"><record><leader>00395nam--2200133-i-4500</leader><controlfield tag="001">000001829</controlfield><controlfield tag="002">20161230</controlfield><controlfield tag="005">20161230201024</controlfield><controlfield tag="008">060222s1000------------r-----000-0-eng-d</controlfield><datafield ind1=" " ind2=" " tag="080"><subfield code="a">621.384.665</subfield></datafield><datafield ind1=" " ind2=" " tag="100"><subfield code="a">Goldzahl, L., Michaelis, E.G</subfield></datafield><datafield ind1=" " ind2=" " tag="245"><subfield code="a">Considerations on the use of the c.e.r.n. storage rings for electron-proton collision</subfield></datafield><datafield ind1=" " ind2=" " tag="260"><subfield code="a">Geneva, Cern, 1965. 4 P. + 3 Fig</subfield></datafield><datafield ind1=" " ind2=" " tag="852"><subfield code="a">23755</subfield></datafield></record></collection>